<record><leader>00000cas a22000007a 4500</leader><controlfield tag="001">16838639</controlfield><controlfield tag="008">871010d19051974iauwr ne      0    0eng d</controlfield><datafield ind1=" " ind2=" " tag="010"><subfield code="a">sn 87057629 </subfield></datafield><datafield ind1=" " ind2=" " tag="040"><subfield code="a">INP</subfield><subfield code="b">eng</subfield><subfield code="c">INP</subfield><subfield code="d">DLC</subfield><subfield code="d">OCLCQ</subfield></datafield><datafield ind1=" " ind2=" " tag="042"><subfield code="a">msc</subfield></datafield><datafield ind1="0" ind2="4" tag="245"><subfield code="a">The Neola gazette-reporter.</subfield></datafield><datafield ind1="1" ind2="3" tag="246"><subfield code="a">Neola gazette</subfield></datafield><datafield ind1=" " ind2=" " tag="260"><subfield code="a">Neola, Pottawattamie County, Iowa :</subfield><subfield code="b">Wilkinson &amp; Wilkinson,</subfield><subfield code="c">1905-1974.</subfield></datafield><datafield ind1=" " ind2=" " tag="300"><subfield code="a">69 v.</subfield></datafield><datafield ind1=" " ind2=" " tag="310"><subfield code="a">Weekly</subfield></datafield><datafield ind1="0" ind2=" " tag="362"><subfield code="a">Vol. 26, no. 41 (July 6, 1905)-v. 94, no. 43 (June 6, 1974).</subfield></datafield><datafield ind1=" " ind2=" " tag="500"><subfield code="a">Publisher varies.</subfield></datafield><datafield ind1=" " ind2=" " tag="515"><subfield code="a">Vol. 25, no. 41 repeated in numbering from: Neola reporter.</subfield></datafield><datafield ind1=" " ind2=" " tag="752"><subfield code="a">United States</subfield><subfield code="b">Iowa</subfield><subfield code="c">Pottawattamie</subfield><subfield code="d">Neola.</subfield></datafield><datafield ind1="0" ind2="4" tag="780"><subfield code="t">Neola gazette</subfield></datafield><datafield ind1="0" ind2="4" tag="780"><subfield code="t">Neola reporter</subfield><subfield code="w">(DLC)sn 87057628</subfield></datafield><datafield ind1="0" ind2="7" tag="785"><subfield code="t">Minden-Shelby news</subfield><subfield code="w">(DLC)sn 87057436</subfield></datafield><datafield ind1="0" ind2="7" tag="785"><subfield code="t">Neola gazette-reporter, Minden-Shelby news</subfield><subfield code="w">(DLC)sn 87057630</subfield></datafield></record>